@book{arpack,
	author = {Lehoucq, R. and Sorensen, D. and Yang, C.},
	title = {{ARPACK} Users' Guide},
	publisher = {Society for Industrial and Applied Mathematics},
	year = {1998},
}

@inproceedings {flashgraph,
	author = {Da Zheng and Disa Mhembere and Randal Burns and Joshua Vogelstein and Carey E. Priebe and Alexander S. Szalay},
	title = {{FlashGraph}: Processing Billion-Node Graphs on an Array of Commodity {SSDs}},
	booktitle = {13th USENIX Conference on File and Storage Technologies (FAST 15)},
	year = {2015},
}

@INPROCEEDINGS{Zhou12,
	author={Zheng Zhou and Saule, E. and Aktulga, H.M. and Chao Yang and Ng, E.G. and Maris, P. and Vary, J.P. and Catalyurek, U.V.}, 
	booktitle={Cluster Computing (CLUSTER), 2012 IEEE International Conference on}, 
	title={An Out-of-Core Eigensolver on {SSD}-equipped Clusters}, 
	year={2012}, 
}

@inproceedings{Aktulga14,
 author = {Aktulga, Hasan Metin and Bulu\c{c}, Aydin and Williams, Samuel and Yang, Chao},
 title = {Optimizing Sparse Matrix-Multiple Vectors Multiplication for Nuclear Configuration Interaction Calculations},
 booktitle = {Proceedings of the 2014 IEEE 28th International Parallel and Distributed Processing Symposium},
 year = {2014},
}

@inproceedings{Boman2013,
 author = {Boman, Erik G. and Devine, Karen D. and Rajamanickam, Sivasankaran},
 title = {Scalable Matrix Computations on Large Scale-free Graphs Using {2D} Graph Partitioning},
 booktitle = {Proceedings of the International Conference on High Performance Computing, Networking, Storage and Analysis},
 year = {2013},
}

@inproceedings{Yoo11,
 author = {Yoo, Andy and Baker, Allison H. and Pearce, Roger and Van Emden Henson},
 title = {A Scalable Eigensolver for Large Scale-free Graphs Using {2D} Graph Partitioning},
 booktitle = {Proceedings of 2011 International Conference for High Performance Computing, Networking, Storage and Analysis},
 year = {2011},
}

@inproceedings{Kang11,
 author = {Kang, U. and Meeder, Brendan and Faloutsos, Christos},
 title = {Spectral Analysis for Billion-scale Graphs: Discoveries and Implementation},
 booktitle = {Proceedings of the 15th Pacific-Asia Conference on Advances in Knowledge Discovery and Data Mining - Volume Part II},
 year = {2011},
}

@inproceedings{Williams07,
	author = {Williams, Samuel and Oliker, Leonid and Vuduc, Richard and Shalf, John and Yelick, Katherine and Demmel, James},
	title = {Optimization of Sparse Matrix-vector Multiplication on Emerging Multicore Platforms},
	booktitle = {Proceedings of the 2007 ACM/IEEE Conference on Supercomputing},
	year = {2007},
}

@incollection{Ng01,
	title = {On Spectral Clustering: Analysis and an algorithm},
	author = {Andrew Y. Ng and Michael I. Jordan and Weiss, Yair},
	booktitle = {Advances in Neural Information Processing Systems 14},
	year = {2002},
}

@article {Sussman12,
	author = {Daniel L. Sussman and Minh Tang and Donniell E. Fishkind and Carey E. Priebe},
	title = {A Consistent Adjacency Spectral Embedding for Stochastic Blockmodel Graphs},
	journal = {Journal of the American Statistical Association},
	year = {2012},
}

@INPROCEEDINGS{Tsourakakis08,
	author={Tsourakakis, C.E.}, 
	booktitle={Data Mining, 2008. ICDM '08. Eighth IEEE International Conference on}, 
	title={Fast Counting of Triangles in Large Real Networks without Counting: Algorithms and Laws}, 
	year={2008}, 
}

@article{krylovschur,
	author = {G. W. Stewart},
	title = {A {KrylovSchur} Algorithm for Large Eigenproblems},
	journal = {SIAM Journal on Matrix Analysis and Applications},
	year = {2002},
}

@article{Arbenz05,
	author = {Arbenz, Peter and Hetmaniuk, Ulrich L. and Lehoucq, Richard B. and Tuminaro, Raymond S.},
	title = {A comparison of eigensolvers for large-scale {3D} modal analysis using {AMG}-preconditioned iterative methods},
	journal = {International Journal for Numerical Methods in Engineering},
	year = {2005},
}

@inproceedings{Pan99,
	author = {Pan, Victor Y. and Chen, Zhao Q.},
	title = {The Complexity of the Matrix Eigenproblem},
	booktitle = {Proceedings of the Thirty-first Annual ACM Symposium on Theory of Computing},
	year = {1999},
} 

@article{Lanczos,
	author = {Cornelius Lanczos},
	title = {An iteration method for the solution of the eigenvalue problem of linear differential and integral operators},
	journal = {Journal of Research of the National Bureau of Standards},
	year = {1950},
}

@article{slepc,
 author = {Hernandez, Vicente and Roman, Jose E. and Vidal, Vicente},
 title = {{SLEPc}: A Scalable and Flexible Toolkit for the Solution of Eigenvalue Problems},
 journal = {ACM Trans. Math. Softw.},
 year = {2005},
} 

@inproceedings{mapreduce,
	author = {Dean, Jeffrey and Ghemawat, Sanjay},
	title = {{MapReduce}: Simplified Data Processing on Large Clusters},
	booktitle = {Proceedings of the 6th Conference on Symposium on Opearting Systems Design \& Implementation - Volume 6},
	year = {2004},
} 

@techreport{IRAM,
	author = {Sorensen, Danny C.},
	title = {Implicitly Restarted {ARNOLDI/LANCZOS} Methods For Large scale Eigenvalue Calculations},
	year = {1996},
	publisher = {Institute for Computer Applications in Science and Engineering (ICASE)},
} 

@article{trilinos,
	author = {Heroux, Michael A. and Bartlett, Roscoe A. and Howle, Vicki E. and Hoekstra, Robert J. and Hu, Jonathan J. and Kolda, Tamara G. and Lehoucq, Richard B. and Long, Kevin R. and Pawlowski, Roger P. and Phipps, Eric T. and Salinger, Andrew G. and Thornquist, Heidi K. and Tuminaro, Ray S. and Willenbring, James M. and Williams, Alan and Stanley, Kendall S.},
	title = {An Overview of the {Trilinos} Project},
	journal = {ACM Trans. Math. Softw.},
	year = {2005},
} 

@inproceedings{safs,
	author = {Da Zheng and Randal Burns and Alexander S. Szalay},
	title = {Toward Millions of File System {IOPS} on Low-Cost, Commodity Hardware},
	booktitle = {Proceedings of the International Conference on High Performance Computing, Networking, Storage and Analysis},
	year = {2013},
} 

@article{Im04,
	author = {Im, Eun-Jin and Yelick, Katherine and Vuduc, Richard},
	title = {Sparsity: Optimization Framework for Sparse Matrix Kernels},
	journal = {Int. J. High Perform. Comput. Appl.},
	year = {2004},
} 
@article{Ching12,
	year={2012},
	journal={International Journal of Parallel Programming},
	volume={40},
	number={5},
	title={Automatic Parallelization of Array-oriented Programs for a Multi-core Machine},
	author={Ching, Wai-Mee and Zheng, Da},
	pages={514-531},
}

@inproceedings{friendster,
	author = {Yang, Jaewon and Leskovec, Jure},
	title = {Defining and Evaluating Network Communities Based on Ground-truth},
	booktitle = {Proceedings of the ACM SIGKDD Workshop on Mining Data Semantics},
	year = {2012},
}

@inproceedings{twitter,
	author = {Kwak, Haewoon and Lee, Changhyun and Park, Hosung and Moon, Sue},
	title = {What is Twitter, a Social Network or a News Media?},
	booktitle = {Proceedings of the 19th International Conference on World Wide Web},
	year = {2010},
} 

@misc{web_graph,
	key={web_graph},
	title={Web graph},
	howpublished={\url{http://webdatacommons.org/hyperlinkgraph/}},
	year={Accessed 4/18/2014},
}

@ARTICLE{IRLM,
	author = {D. Calvetti and L. Reichel and D. C. Sorensen},
	title = {An Implicitly Restarted Lanczos Method for Large Symmetric. . .},
	journal = {ETNA},
	year = {1994},
	volume = {2},
	pages = {1--21}
}

@BOOK{lapack,
	AUTHOR = {Anderson, E. and Bai, Z. and Bischof, C. and
		Blackford, S. and Demmel, J. and Dongarra, J. and
			Du Croz, J. and Greenbaum, A. and Hammarling, S. and
			McKenney, A. and Sorensen, D.},
	TITLE = {{LAPACK} Users' Guide},
	EDITION = {Third},
	PUBLISHER = {Society for Industrial and Applied Mathematics},
	YEAR = {1999},
	ADDRESS = {Philadelphia, PA},
}

@article{leskovec,
	ajournal = "Internet Math.",
	author = "Leskovec, Jure and Lang, Kevin J. and Dasgupta, Anirban and Mahoney, Michael W.",
	journal = "Internet Mathematics",
	number = "1",
	pages = "29--123",
	title = "Community Structure in Large Networks: Natural Cluster Sizes and the Absence of Large Well-Defined Clusters",
	volume = "6",
	year = "2009"
}

@misc{ocz,
	key={ocz},
	title={{OCZ Intrepid 3000}},
	howpublished={\url{http://ocz.com/enterprise/intrepid-3000-sata-ssd}},
	year={Accessed 11/5/2015},
}

@inproceedings {Tang15,
	author = {Linpeng Tang and Qi Huang and Wyatt Lloyd and Sanjeev Kumar and Kai Li},
	title = {{RIPQ}: Advanced Photo Caching on Flash for {Facebook}},
	booktitle = {13th USENIX Conference on File and Storage Technologies (FAST 15)},
	year = {2015},
	month = Feb,
}

@INPROCEEDINGS{Mattson13,
	author={Mattson, T. and Bader, D. and Berry, J. and Buluc, A. and Dongarra, J. and Faloutsos, C. and Feo, J. and Gilbert, J. and Gonzalez, J. and Hendrickson, B. and Kepner, J. and Leiserson, C. and Lumsdaine, A. and Padua, D. and Poole, S. and Reinhardt, S. and Stonebraker, M. and Wallach, S. and Yoo, A.}, 
	booktitle={High Performance Extreme Computing Conference (HPEC), 2013 IEEE}, 
	title={Standards for graph algorithm primitives}, 
	year={2013}, 
	month={Sept},
}

@INPROCEEDINGS{Abello98,
	author = {James Abello and Adam L. Buchsbaum and Jeffery R. Westbrook},
	title = {A Functional Approach to External Graph Algorithms},
	booktitle = {Algorithmica},
	year = {1998},
	pages = {332--343},
	publisher = {Springer-Verlag}
}

@inproceedings{sfs,
	author = {Min, Changwoo and Kim, Kangnyeon and Cho, Hyunjin and Lee, Sang-Won and Eom, Young Ik},
	title = {{SFS}: Random Write Considered Harmful in Solid State Drives},
	booktitle = {Proceedings of the 10th USENIX Conference on File and Storage Technologies},
	year = {2012},
} 

@inproceedings{nmf,
	title = {Algorithms for Non-negative Matrix Factorization},
	author = {Daniel D. Lee and Seung, H. Sebastian},
	booktitle = {Advances in Neural Information Processing Systems 13},
	year = {2001},
}

@inproceedings{pagerank,
	author = {Brin, Sergey and Page, Lawrence},
	title = {The Anatomy of a Large-scale Hypertextual Web Search Engine},
	booktitle = {Proceedings of the Seventh International Conference on World Wide Web 7},
	year = {1998},
}

@article{top10,
	year={2008},
	journal={Knowledge and Information Systems},
	volume={14},
	number={1},
	title={Top 10 algorithms in data mining},
	author={Wu, Xindong and Kumar, Vipin and Ross Quinlan, J. and Ghosh, Joydeep and Yang, Qiang and Motoda, Hiroshi and McLachlan, GeoffreyJ. and Ng, Angus and Liu, Bing and Yu, PhilipS. and Zhou, Zhi-Hua and Steinbach, Michael and Hand, DavidJ. and Steinberg, Dan},
	pages={1-37},
}

@inproceedings{sa-cache,
	author = {Zheng, Da and Burns, Randal and Szalay, Alexander S.},
	title = {A Parallel Page Cache: IOPS and Caching for Multicore Systems},
	booktitle = {Proceedings of the 4th USENIX Conference on Hot Topics in Storage and File Systems},
	series = {HotStorage'12},
	year = {2012},
	address = {Berkeley, CA, USA},
} 

@article{cf,
	author = {Su, Xiaoyuan and Khoshgoftaar, Taghi M.},
	title = {A Survey of Collaborative Filtering Techniques},
	journal = {Adv. in Artif. Intell.},
	volume = {2009},
	month = jan,
	year = {2009},
	pages = {4:2--4:2},
	address = {New York, NY, United States},
}

@inproceedings{yang13,
	author = {Yang, Jaewon and Leskovec, Jure},
	title = {Overlapping Community Detection at Scale: A Nonnegative Matrix Factorization Approach},
	booktitle = {Proceedings of the Sixth ACM International Conference on Web Search and Data Mining},
	series = {WSDM '13},
	year = {2013},
	pages = {587--596},
	publisher = {ACM},
	address = {New York, NY, USA},
}

@article{wang11,
	author = {Wang, Fei and Li, Tao and Wang, Xin and Zhu, Shenghuo and Ding, Chris},
	title = {Community Discovery Using Nonnegative Matrix Factorization},
	journal = {Data Min. Knowl. Discov.},
	volume = {22},
	number = {3},
	month = may,
	year = {2011},
	pages = {493--521},
	publisher = {Kluwer Academic Publishers},
	address = {Hingham, MA, USA},
}

@INPROCEEDINGS{rmat,
	author = {Deepayan Chakrabarti and Yiping Zhan and Christos Faloutsos},
	title = {{R-MAT}: A recursive model for graph mining},
	booktitle = {In SDM},
	year = {2004}
}

@inproceedings{powergraph,
	author = {Gonzalez, Joseph E. and Low, Yucheng and Gu, Haijie and Bickson, Danny and Guestrin, Carlos},
	title = {{PowerGraph}: Distributed Graph-parallel Computation on Natural Graphs},
	booktitle = {Proceedings of the 10th USENIX Conference on Operating Systems Design and Implementation},
	year = {2012},
}

@inproceedings{Ang14,
	author = {Ang, J. A. and Barrett, R. F. and Benner, R. E. and Burke, D. and Chan, C. and Cook, J. and Donofrio, D. and Hammond, S. D. and Hemmert, K. S. and Kelly, S. M. and Le, H. and Leung, V. J. and Resnick, D. R. and Rodrigues, A. F. and Shalf, J. and Stark, D. and Unat, D. and Wright, N. J.},
	title = {Abstract Machine Models and Proxy Architectures for Exascale Computing},
	booktitle = {Proceedings of the 1st International Workshop on Hardware-Software Co-Design for High Performance Computing},
	series = {Co-HPC '14},
	year = {2014},
	publisher = {IEEE Press},
	address = {Piscataway, NJ, USA},
}

@TECHREPORT{label_prop,
	author = {Xiaojin Zhu and Zoubin Ghahramani},
	title = {Learning from Labeled and Unlabeled Data with Label Propagation},
	institution = {Carnegie Mellon University},
	year = {2002}
}

@incollection{Yedidia03,
	author = {Yedidia, Jonathan S. and Freeman, William T. and Weiss, Yair},
	chapter = {Understanding Belief Propagation and Its Generalizations},
	title = {Exploring Artificial Intelligence in the New Millennium},
	year = {2003},
	pages = {239--269},
	publisher = {Morgan Kaufmann Publishers Inc.},
	address = {San Francisco, CA, USA},
} 

@misc{mkl,
	key={MKL},
	title={Intel Math Kernel Library},
	howpublished={\url{https://software.intel.com/en-us/intel-mkl}},
	year={Accessed 1/24/2016},
}

@inproceedings{Pearce10,
	author = {Pearce, Roger and Gokhale, Maya and Amato, Nancy M.},
	title = {Multithreaded Asynchronous Graph Traversal for In-Memory and Semi-External Memory},
	booktitle = {Proceedings of the 2010 ACM/IEEE International Conference for High Performance Computing, Networking, Storage and Analysis},
	year = {2010},
} 

@article{anasazi,
	author = {Baker, C. G. and Hetmaniuk, U. L. and Lehoucq, R. B. and Thornquist, H. K.},
	title = {Anasazi Software for the Numerical Solution of Large-scale Eigenvalue Problems},
	journal = {ACM Trans. Math. Softw.},
	volume = {36},
	number = {3},
	month = jul,
	year = {2009},
	pages = {13:1--13:23},
	publisher = {ACM},
} 

@inproceedings{Yin14,
	author = {Yin, Jiangtao and Gao, Lixin and Zhang, Zhongfei},
	title = {Scalable Nonnegative Matrix Factorization with Block-wise Updates},
	booktitle = {ECML PKDD},
	year = {2014},
}

@article{Liao14,
	title = "CloudNMF: A MapReduce Implementation of Nonnegative Matrix Factorization for Large-scale Biological Datasets ",
	journal = "Genomics, Proteomics \& Bioinformatics ",
	volume = "12",
	number = "1",
	pages = "48 - 51",
	year = "2014",
	author = "Ruiqi Liao and Yifan Zhang and Jihong Guan and Shuigeng Zhou",
}

@inproceedings{Liu10,
	author = {Liu, Chao and Yang, Hung-chih and Fan, Jinliang and He, Li-Wei and Wang, Yi-Min},
	title = {Distributed Nonnegative Matrix Factorization for Web-scale Dyadic Data Analysis on Mapreduce},
	booktitle = {Proceedings of the 19th International Conference on World Wide Web},
	year = {2010},
	address = {New York, NY, USA},
} 

@inproceedings{Kannan16,
	author = {Kannan, Ramakrishnan and Ballard, Grey and Park, Haesun},
	title = {A High-Performance Parallel Algorithm for Nonnegative Matrix Factorization},
	booktitle = {ACM SIGPLAN Symposium on Principles and Practice of Parallel Programming},
	year = {2016},
	address = {Barcelona, Spain},
} 

@article{elemental,
	author = {Poulson, Jack and Marker, Bryan and van de Geijn, Robert A. and Hammond, Jeff R. and Romero, Nichols A.},
	title = {Elemental: A New Framework for Distributed Memory Dense Matrix Computations},
	journal = {ACM Trans. Math. Softw.},
	volume = {39},
	number = {2},
	month = feb,
	year = {2013},
	pages = {13:1--13:24},
	publisher = {ACM},
	address = {New York, NY, USA},
}

@misc{SmallK,
	author       = {Richard Boyd and Barry Drake and Da Kuang and Haesun Park},
	title        = {SmallK is a {C++}{/}{P}ython high-performance software
		library for nonnegative matrix factorization
			(NMF) and hierarchical and flat clustering using
			the NMF; current version 1.2.0},
	howpublished = {\url{http://smallk.github.io/}},
	month        = June,
	year         = 2014
}

@article{FlashEigen,
  author    = {Da Zheng and Randal Burns and Joshua Vogelstein and Alexander S. Szalay},
  title     = {An {SSD}-based eigensolver for spectral analysis on billion-node graphs},
  journal   = {CoRR},
  year      = {2016},
}

@misc{avx,
	author       = {Chris Lomont},
	title        = {Introduction to Intel Advanced Vector Extensions},
	howpublished = {\url{https://software.intel.com/en-us/articles/introduction-to-intel-advanced-vector-extensions}},
	month        = June,
	year         = 2011
}
